<?xml version="1.0" encoding="UTF-8"?><collection xmlns="http://www.loc.gov/MARC21/slim"><record><leader>00430nam--2200121-i-4500</leader><controlfield tag="001">000027842</controlfield><controlfield tag="002">20161230</controlfield><controlfield tag="005">20161230201037</controlfield><controlfield tag="008">060222s1000------------r-----000-0-eng-d</controlfield><datafield ind1=" " ind2=" " tag="080"><subfield code="a">621.311.2:621.039</subfield></datafield><datafield ind1=" " ind2=" " tag="245"><subfield code="a">Ieee guide to hte collection and presentation of electrical, electronic, and sensing component reliability data for nuclear-power generating station</subfield></datafield><datafield ind1=" " ind2=" " tag="260"><subfield code="a">New York, John Wiley&amp;sons, Inc., 1977. 543p</subfield></datafield><datafield ind1=" " ind2=" " tag="852"><subfield code="a">46218</subfield></datafield></record></collection>